@inproceedings{ csmith-2011,
 author = {Yang, Xuejun and Chen, Yang and Eide, Eric and Regehr, John},
 title = {Finding and Understanding Bugs in {C} Compilers},
 booktitle = {PLDI '11},
 year = {2011},
 isbn = {978-1-4503-0663-8},
 location = {San Jose, California, USA},
 pages = {283--294},
 numpages = {12},
 doi = {10.1145/1993498.1993532},
 acmid = {1993532},
 publisher = {ACM},
 keywords = {automated testing, compiler defect, compiler testing, random program generation, random testing},
}

@INPROCEEDINGS{ zhao.etal-2009,
author={Chen Zhao and Yunzhi Xue and Qiuming Tao and Liang Guo and Zhaohui Wang},
booktitle={2009 ICSE Workshop on Automation of Software Test},
title={Automated test program generation for an industrial optimizing compiler},
year={2009},
pages={36-43},
keywords={automatic programming;optimising compilers;program testing;temporal logic;Chinese Academy of Sciences;Institute of Software;Matsushita Electric Industrial Co., Ltd;automated test program generation;industrial optimizing compiler;script-driven test program generation process;temporal-logic model;Automatic testing;Benchmark testing;Character generation;Computer industry;High level synthesis;Logic testing;Multilevel systems;Optimizing compilers;Program processors;Software testing},
doi={10.1109/IWAST.2009.5069039},
month={May},}

@article{ dave-2003,
 author = {Dave, Maulik A.},
 title = {Compiler Verification: A Bibliography},
 journal = {SIGSOFT Softw. Eng. Notes},
 issue_date = {November 2003},
 volume = {28},
 number = {6},
 month = nov,
 year = {2003},
 issn = {0163-5948},
 numpages = {4},
 url = {http://doi.acm.org/10.1145/966221.966235},
 doi = {10.1145/966221.966235},
 acmid = {966235},
 publisher = {ACM},
 address = {New York, NY, USA},
}

@article{ leroy-2009,
 author = {Leroy, Xavier},
 title = {Formal Verification of a Realistic Compiler},
 journal = {Commun. ACM},
 issue_date = {July 2009},
 volume = {52},
 number = {7},
 month = jul,
 year = {2009},
 issn = {0001-0782},
 pages = {107--115},
 numpages = {9},
 url = {http://doi.acm.org/10.1145/1538788.1538814},
 doi = {10.1145/1538788.1538814},
 acmid = {1538814},
 publisher = {ACM},
 address = {New York, NY, USA},
}

@inproceedings{ tan-2016,
 author = {Tan, Yong Kiam and Myreen, Magnus O. and Kumar, Ramana and Fox, Anthony and Owens, Scott and Norrish, Michael},
 title = {A New Verified Compiler Backend for {CakeML}},
 booktitle = {ICFP 2016},
 year = {2016},
 isbn = {978-1-4503-4219-3},
 location = {Nara, Japan},
 numpages = {14},
 doi = {10.1145/2951913.2951924},
 acmid = {2951924},
 keywords = {Compiler verification, ML, verified optimisations},
}

@Inbook{Strecker2002,
author="Strecker, Martin",
editor="Voronkov, Andrei",
title="Formal Verification of a Java Compiler in Isabelle",
bookTitle="Automated Deduction---CADE-18: 18th International Conference on Automated Deduction Copenhagen, Denmark, July 27--30, 2002 Proceedings",
year="2002",
publisher="Springer Berlin Heidelberg",
address="Berlin, Heidelberg",
pages="63--77",
isbn="978-3-540-45620-9",
doi="10.1007/3-540-45620-1_5",
url="http://dx.doi.org/10.1007/3-540-45620-1_5"
}

@book{ nielson.etal-1999,
 author = {Nielson, Flemming and Nielson, Hanne R. and Hankin, Chris},
 title = {Principles of Program Analysis},
 year = {1999},
 isbn = {3540654100},
 publisher = {Springer-Verlag New York, Inc.},
 address = {Secaucus, NJ, USA},
}

@article{ frama-c,
    author="Kirchner, Florent
    and Kosmatov, Nikolai
    and Prevosto, Virgile
    and Signoles, Julien
    and Yakobowski, Boris",
    title="{Frama-C}: A software analysis perspective",
    journal="Formal Aspects of Comp.",
    year="2015",
    volume="27",
    number="3",
    pages="573--609",
    issn="1433-299X",
    doi="10.1007/s00165-014-0326-7",
}

@inproceedings{ eide.regehr-2008,
 author = {Eide, Eric and Regehr, John},
 title = {Volatiles Are Miscompiled, and What to Do About It},
 booktitle = {EMSOFT '08},
 year = {2008},
 isbn = {978-1-60558-468-3},
 location = {Atlanta, GA, USA},
 numpages = {10},
 url = {http://doi.acm.org/10.1145/1450058.1450093},
 doi = {10.1145/1450058.1450093},
 acmid = {1450093},
 publisher = {ACM},
 keywords = {automated testing, compiler defect, compiler testing, random program generation, random testing, volatile},
}

@misc{ randprog-2007,
 author = {Bryan Turner},
 title = {Random {C} Program Generator},
 url = {\url{https://sites.google.com/site/ brturn2/randomcprogramgenerator}},
 year = {2007}
}

@inproceedings{ le.etal-2014,
 author = {Le, Vu and Afshari, Mehrdad and Su, Zhendong},
 title = {Compiler Validation via Equivalence Modulo Inputs},
 booktitle = {PLDI '14},
 year = {2014},
 isbn = {978-1-4503-2784-8},
 location = {Edinburgh, United Kingdom},
 pages = {216--226},
 numpages = {11},
 url = {http://doi.acm.org/10.1145/2594291.2594334},
 doi = {10.1145/2594291.2594334},
 acmid = {2594334},
 publisher = {ACM},
 keywords = {automated testing, compiler testing, equivalent program variants, miscompilation},
}

@misc { jsfunfuzz,
 author = {Jesse Ruderman},
 year = {2015},
 url = {\url{https://github.com/MozillaSecurity/funfuzz/tree/ master/js/jsfunfuzz}},
 title = {jsfunfuzz}
}

@inproceedings{ lidbury.etal-2015,
 author = {Lidbury, Christopher and Lascu, Andrei and Chong, Nathan and Donaldson, Alastair F.},
 title = {Many-core Compiler Fuzzing},
 booktitle = {PLDI '15},
 year = {2015},
 isbn = {978-1-4503-3468-6},
 location = {Portland, OR, USA},
 pages = {65--76},
 numpages = {12},
 doi = {10.1145/2737924.2737986},
 acmid = {2737986},
 publisher = {ACM},
 keywords = {Compilers, GPUs, OpenCL, concurrency, metamor- phic testing, random testing},
}

@article{ graham.wegman-1976,
 author = {Graham, Susan L. and Wegman, Mark},
 title = {A Fast and Usually Linear Algorithm for Global Flow Analysis},
 journal = {J. ACM},
 issue_date = {Jan. 1976},
 volume = {23},
 number = {1},
 month = jan,
 year = {1976},
 issn = {0004-5411},
 pages = {172--202},
 numpages = {31},
 doi = {10.1145/321921.321939},
 acmid = {321939},
 publisher = {ACM},
 address = {New York, NY, USA},
}

@article{ cocke-1970,
 author = {Cocke, John},
 title = {Global Common Subexpression Elimination},
 journal = {SIGPLAN Not.},
 issue_date = {July 1970},
 volume = {5},
 number = {7},
 month = jul,
 year = {1970},
 issn = {0362-1340},
 pages = {20--24},
 numpages = {5},
 url = {http://doi.acm.org/10.1145/390013.808480},
 doi = {10.1145/390013.808480},
 acmid = {808480},
 publisher = {ACM},
 address = {New York, NY, USA},
}

@article{ allen-1970,
 author = {Allen, Frances E.},
 title = {Control Flow Analysis},
 journal = {SIGPLAN Not.},
 issue_date = {July 1970},
 volume = {5},
 number = {7},
 month = jul,
 year = {1970},
 issn = {0362-1340},
 pages = {1--19},
 numpages = {19},
 url = {http://doi.acm.org/10.1145/390013.808479},
 doi = {10.1145/390013.808479},
 acmid = {808479},
 publisher = {ACM},
 address = {New York, NY, USA},
}

@misc{ plumhall,
  author = {{Plum Hall, Inc.}},
  title = {The {Plum} {Hall} validation suite for {C}},
  url = {http://www.plumhall.com/stec.html}
}

@misc{ perennial,
  author = {{Perennial, Inc.}},
  title = {{ACVS} {ANSI/ISO/FIPS-160} {C} validation suite},
  url = {http://www.peren.com/pages/acvs\_set.htm}
}

@Article{ steffen.etal-2014,
author="Steffen, Bernhard
and Isberner, Malte
and Naujokat, Stefan
and Margaria, Tiziana
and Geske, Maren",
title="Property-driven benchmark generation: synthesizing programs of realistic structure",
journal="International Journal on Software Tools for Technology Transfer",
year="2014",
month="Oct",
day="01",
volume="16",
number="5",
pages="465--479",
issn="1433-2787",
doi="10.1007/s10009-014-0336-z"
}

@inproceedings{ ldrgen-2017,
  title={Liveness-Driven Random Program Generation},
  author={Gerg√∂ Barany},
  booktitle = {27th International Symposium on Logic-Based Program Synthesis and Transformation (LOPSTR 2017)},
  url = {https://arxiv.org/abs/1709.04421},
  year = {2017}
}
@article{ midtgaard.etal-2017,
 author = {Midtgaard, Jan and Justesen, Mathias Nygaard and Kasting, Patrick and Nielson, Flemming and Nielson, Hanne Riis},
 title = {Effect-driven QuickChecking of Compilers},
 journal = {Proc. ACM Program. Lang.},
 issue_date = {September 2017},
 volume = {1},
 number = {ICFP},
 month = aug,
 year = {2017},
 issn = {2475-1421},
 articleno = {15},
 url = {http://doi.acm.org/10.1145/3110259},
 doi = {10.1145/3110259},
 acmid = {3110259},
 keywords = {QuickCheck, compiler testing, type and effect system},
}

@article{ orange3-2014,
  title={Reinforcing Random Testing of Arithmetic Optimization of {C} Compilers by Scaling up Size and Number of Expressions},
  author={Eriko Nagai and Atsushi Hashimoto and Nagisa Ishiura},
  journal={IPSJ Transactions on System LSI Design Methodology},
  volume={7},
  number={ },
  pages={91-100},
  year={2014},
  doi={10.2197/ipsjtsldm.7.91},
}
